<record><leader>01329cam a2200361 i 4500</leader><controlfield tag="001">6815464</controlfield><controlfield tag="003">OCoLC</controlfield><controlfield tag="005">20150220121545.0</controlfield><controlfield tag="008">140815t20152015miu      b    001 0deng  </controlfield><datafield ind1=" " ind2=" " tag="010"><subfield code="a">  2014032509</subfield></datafield><datafield ind1=" " ind2=" " tag="020"><subfield code="a">9780802871886</subfield><subfield code="q">pbk.</subfield><subfield code="q">alk. paper</subfield></datafield><datafield ind1=" " ind2=" " tag="020"><subfield code="a">0802871887</subfield><subfield code="q">pbk.</subfield><subfield code="q">alk. paper</subfield></datafield><datafield ind1=" " ind2=" " tag="035"><subfield code="a">ocn887852011</subfield></datafield><datafield ind1=" " ind2=" " tag="040"><subfield code="a">DLC</subfield><subfield code="b">eng</subfield><subfield code="e">rda</subfield><subfield code="c">DLC</subfield><subfield code="d">YDX</subfield><subfield code="d">BTCTA</subfield><subfield code="d">YDXCP</subfield><subfield code="d">CFT</subfield><subfield code="d">CDX</subfield><subfield code="d">OCLCO</subfield><subfield code="d">UAB</subfield><subfield code="d">AEU</subfield></datafield><datafield ind1=" " ind2=" " tag="042"><subfield code="a">pcc</subfield></datafield><datafield ind1="0" ind2="0" tag="050"><subfield code="a">BV4827.R36</subfield><subfield code="b">H65 2015</subfield></datafield><datafield ind1="0" ind2="0" tag="082"><subfield code="a">241/.62092</subfield><subfield code="2">23</subfield></datafield><datafield ind1=" " ind2=" " tag="090"><subfield code="a">BV 4827 R36 H65 2015</subfield><subfield code="b">AEU</subfield></datafield><datafield ind1="1" ind2=" " tag="100"><subfield code="a">Hollowell, Adam Edward,</subfield><subfield code="d">1981-</subfield><subfield code="e">author.</subfield></datafield><datafield ind1="1" ind2="0" tag="245"><subfield code="a">Power and purpose :</subfield><subfield code="b">Paul Ramsey and contemporary Christian political theology /</subfield><subfield code="c">Adam Edward Hollowell.</subfield></datafield><datafield ind1=" " ind2="1" tag="264"><subfield code="a">Grand Rapids, Michigan ;</subfield><subfield code="a">Cambridge, U.K. :</subfield><subfield code="b">William B. Eerdmans Publishing Company,</subfield><subfield code="c">2015.</subfield></datafield><datafield ind1=" " ind2="4" tag="264"><subfield code="c">&#169;2015</subfield></datafield><datafield ind1=" " ind2=" " tag="300"><subfield code="a">x, 230 pages ;</subfield><subfield code="c">23 cm</subfield></datafield><datafield ind1=" " ind2=" " tag="336"><subfield code="a">text</subfield><subfield code="b">txt</subfield><subfield code="2">rdacontent</subfield></datafield><datafield ind1=" " ind2=" " tag="337"><subfield code="a">unmediated</subfield><subfield code="b">n</subfield><subfield code="2">rdamedia</subfield></datafield><datafield ind1=" " ind2=" " tag="338"><subfield code="a">volume</subfield><subfield code="b">nc</subfield><subfield code="2">rdacarrier</subfield></datafield><datafield ind1=" " ind2=" " tag="504"><subfield code="a">Includes bibliographical references and index.</subfield></datafield><datafield ind1=" " ind2=" " tag="596"><subfield code="a">43</subfield></datafield><datafield ind1="1" ind2="0" tag="600"><subfield code="a">Ramsey, Paul.</subfield></datafield><datafield ind1=" " ind2="0" tag="650"><subfield code="a">Political theology.</subfield></datafield><datafield ind1=" " ind2="0" tag="650"><subfield code="a">Christianity and politics.</subfield></datafield><datafield ind1=" " ind2=" " tag="949"><subfield code="a">BV 4827 R36 H65 2015</subfield><subfield code="h">UAHS-B</subfield><subfield code="i">0162035249810</subfield></datafield><datafield ind1=" " ind2=" " tag="926"><subfield code="a">BV 4827 R36 H65 2015</subfield><subfield code="w">LC</subfield><subfield code="c">1</subfield><subfield code="i">0162035249810</subfield><subfield code="l">ON_SHELF</subfield><subfield code="m">UAHSS</subfield><subfield code="p">$150.00</subfield><subfield code="r">Y</subfield><subfield code="s">Y</subfield><subfield code="t">BOOK</subfield><subfield code="u">3/4/2015</subfield></datafield></record>